@article{Campbell:2011bn,
      author         = "Campbell, John M. and Ellis, R. Keith and Williams,
                        Ciaran",
      title          = "{Vector boson pair production at the LHC}",
      journal        = "JHEP",
      volume         = "07",
      year           = "2011",
      pages          = "018",
      doi            = "10.1007/JHEP07(2011)018",
      eprint         = "1105.0020",
      archivePrefix  = "arXiv",
      primaryClass   = "hep-ph",
      reportNumber   = "FERMILAB-PUB-11-182-T",
      SLACcitation   = "%%CITATION = ARXIV:1105.0020;%%"
}

@article{Grazzini:2015hta,
      author         = "Grazzini, Massimiliano and Kallweit, Stefan and Rathlev,
                        Dirk",
      title          = "{ZZ production at the LHC: fiducial cross sections and
                        distributions in NNLO QCD}",
      journal        = "Phys. Lett.",
      volume         = "B750",
      year           = "2015",
      pages          = "407-410",
      doi            = "10.1016/j.physletb.2015.09.055",
      eprint         = "1507.06257",
      archivePrefix  = "arXiv",
      primaryClass   = "hep-ph",
      SLACcitation   = "%%CITATION = ARXIV:1507.06257;%%"
}

@article{Grazzini:2017ckn,
      author         = "Grazzini, Massimiliano and Kallweit, Stefan and Rathlev,
                        Dirk and Wiesemann, Marius",
      title          = "{$W^\pm Z$ production at the LHC: fiducial cross sections
                        and distributions in NNLO QCD}",
      journal        = "JHEP",
      volume         = "05",
      year           = "2017",
      pages          = "139",
      doi            = "10.1007/JHEP05(2017)139",
      eprint         = "1703.09065",
      archivePrefix  = "arXiv",
      primaryClass   = "hep-ph",
      reportNumber   = "ZU-TH-06-17, CERN-TH-2017-065",
      SLACcitation   = "%%CITATION = ARXIV:1703.09065;%%"
}

@article{Cascioli:2014yka,
      author         = "Cascioli, F. and Gehrmann, T. and Grazzini, M. and Kallweit, S. and Maierh{\"{o}}fer, P. and von Manteuffel, A. and Pozzorini, S. and Rathlev, D. and Tancredi, L. and Weihs, E.",
      title          = "{{ZZ} production at hadron colliders in {NNLO} {QCD}}",
      journal        = "Phys. Lett. B",
      volume         = "735",
      year           = "2014",
      pages          = "311",
      doi            = "10.1016/j.physletb.2014.06.056",
      eprint         = "1405.2219",
      archivePrefix  = "arXiv",
      primaryClass   = "hep-ph",
      reportNumber   = "ZU-TH-19-14, MITP-14-033",
      SLACcitation   = "%%CITATION = ARXIV:1405.2219;%%"
}


@techreport{CMS:2017ruh,
      title          = "{Measurement of the {$pp \rightarrow ZZ$} production cross section, {$Z \to 4\ell$} branching fraction and constraints on anomalous triple gauge couplings at {$\sqrt{s} = 13 \,\mathrm{TeV}$}}",
      collaboration  = "CMS",
      year           = "2017",
      number   = "CMS-PAS-SMP-16-017",
      url            = "http://cds.cern.ch/record/2256100",
      SLACcitation   = "%%CITATION = CMS-PAS-SMP-16-017;%%"
}

@techreport{CMS-PAS-SMP-16-019,
      title         = "{Measurements of differential cross sections and search
                       for the electroweak production of two Z bosons produced in
                       association with jets}",
      institution   = "CERN",
      collaboration = "CMS Collaboration",
      address       = "Geneva",
      number        = "CMS-PAS-SMP-16-019",
      year          = "2017",
      reportNumber  = "CMS-PAS-SMP-16-019",
      url           = "http://cds.cern.ch/record/2264556",
}

@article{Khachatryan:2016tgp,
      title          = "{Measurement of the {WZ} production cross section in pp collisions at {$\sqrt{s} = 13 \,\mathrm{TeV}$}}",
      collaboration  = "CMS",
      journal        = "Phys. Lett. B",
      volume         = "766",
      year           = "2017",
      pages          = "268",
      doi            = "10.1016/j.physletb.2017.01.011",
      eprint         = "1607.06943",
      archivePrefix  = "arXiv",
      primaryClass   = "hep-ex",
      reportNumber   = "CMS-SMP-16-002, CERN-EP-2016-169",
      SLACcitation   = "%%CITATION = ARXIV:1607.06943;%%"
}


@article{Grazzini:2016swo,
      author         = "Grazzini, Massimiliano and Kallweit, Stefan and Rathlev, Dirk and Wiesemann, Marius",
      title          = "{W$^{\pm}$Z production at hadron colliders in {NNLO} {QCD}}",
      journal        = "Phys. Lett. B",
      volume         = "761",
      year           = "2016",
      pages          = "179",
      doi            = "10.1016/j.physletb.2016.08.017",
      eprint         = "1604.08576",
      archivePrefix  = "arXiv",
      primaryClass   = "hep-ph",
      reportNumber   = "ZU-TH-15-16, MITP-16-037, NSF-KITP-16-046, DESY-16-074",
      SLACcitation   = "%%CITATION = ARXIV:1604.08576;%%"
}


@article{Sirunyan:2017bey,
      title          = "{Search for anomalous couplings in boosted {${WW}/{WZ}\to\ell\nu q \bar{q}$} production in proton-proton collisions at {$\sqrt{s} = 8 \,\mathrm{TeV}$}}",
      collaboration  = "CMS",
      journal        = "Phys. Lett. B",
      volume         = "772",
      year           = "2017",
      pages          = "21",
      doi            = "10.1016/j.physletb.2017.06.009",
      eprint         = "1703.06095",
      archivePrefix  = "arXiv",
      primaryClass   = "hep-ex",
      reportNumber   = "CMS-SMP-13-008, CERN-EP-2017-029",
      SLACcitation   = "%%CITATION = ARXIV:1703.06095;%%"
}


@article{Khachatryan:2016poo,
      title          = "{Measurement of the {WZ} production cross section in pp collisions at {$\sqrt{s} = 7$} and {$8 \,\mathrm{TeV}$} and search for anomalous triple gauge couplings at {$\sqrt{s} = 8 \,\mathrm{TeV}$}}",
      collaboration  = "CMS",
      journal        = "Eur. Phys. J. C",
      volume         = "77",
      year           = "2017",
      pages          = "236",
      doi            = "10.1140/epjc/s10052-017-4730-z",
      eprint         = "1609.05721",
      archivePrefix  = "arXiv",
      primaryClass   = "hep-ex",
      reportNumber   = "CMS-SMP-14-014, CERN-EP-2016-205",
      SLACcitation   = "%%CITATION = ARXIV:1609.05721;%%"
}


@techreport{CMS:2016djf,
      title          = "{Search for anomalous couplings in semileptonic {WW} and {WZ} decays at {$\sqrt{s} = 13 \,\mathrm{TeV}$}}",
      collaboration  = "CMS",
      year           = "2016",
      number         = "CMS-PAS-SMP-16-012",
      url            = "https://cds.cern.ch/record/2209148",
      SLACcitation   = "%%CITATION = CMS-PAS-SMP-16-012;%%"
}

@techreport{CMS-PAS-SMP-15-012,
      title         = "{Measurement of the differential cross sections for pairs
                       of Z bosons produced in association with jets in pp
                       collisions at $\sqrt{s} = 8~\mathrm{TeV}$}",
      institution   = "CERN",
      collaboration = "CMS Collaboration",
      address       = "Geneva",
      number        = "CMS-PAS-SMP-15-012",
      year          = "2016",
      reportNumber  = "CMS-PAS-SMP-15-012",
      url           = "https://cds.cern.ch/record/2209215",
}

@article{DAgostini:1994fjx,
      author         = "D'Agostini, G.",
      title          = "{A Multidimensional unfolding method based on {B}ayes' theorem}",
      journal        = "Nucl. Instrum. Meth. A",
      volume         = "362",
      year           = "1995",
      pages          = "487",
      doi            = "10.1016/0168-9002(95)00274-X",
      reportNumber   = "DESY-94-099",
      SLACcitation   = "%%CITATION = NUIMA,A362,487;%%"
}


@article{Ellis:2009me,
      author         = "Ellis, Stephen D. and Vermilion, Christopher K. and Walsh, Jonathan R.",
      title          = "{Recombination Algorithms and Jet Substructure: Pruning as a Tool for Heavy Particle Searches}",
      journal        = "Phys. Rev. D",
      volume         = "81",
      year           = "2010",
      pages          = "094023",
      doi            = "10.1103/PhysRevD.81.094023",
      eprint         = "0912.0033",
      archivePrefix  = "arXiv",
      primaryClass   = "hep-ph",
      SLACcitation   = "%%CITATION = ARXIV:0912.0033;%%"
}


@article{Thaler:2010tr,
      author         = "Thaler, Jesse and Van Tilburg, Ken",
      title          = "{Identifying Boosted Objects with {N}-subjettiness}",
      journal        = "JHEP",
      volume         = "03",
      year           = "2011",
      pages          = "015",
      doi            = "10.1007/JHEP03(2011)015",
      eprint         = "1011.2268",
      archivePrefix  = "arXiv",
      primaryClass   = "hep-ph",
      reportNumber   = "MIT-CTP-4191",
      SLACcitation   = "%%CITATION = ARXIV:1011.2268;%%"
}


@article{Hagiwara:1993ck,
      author         = "Hagiwara, Kaoru and Ishihara, S. and Szalapski, R. and Zeppenfeld, D.",
      title          = "{Low-energy effects of new interactions in the electroweak boson sector}",
      journal        = "Phys. Rev. D",
      volume         = "48",
      year           = "1993",
      pages          = "2182",
      doi            = "10.1103/PhysRevD.48.2182",
      reportNumber   = "MAD-PH-737, UT-635, KEK-TH-356, KEK-PREPRINT-92-214",
      SLACcitation   = "%%CITATION = PHRVA,D48,2182;%%"
}


@techreport{CMS-PAS-SMP-16-004,
      title         = "{Measurement of the production cross section for pp to {Z$(\nu\nu)\gamma$} at {$\sqrt{s} = 13 \,\mathrm{TeV}$} at {CMS}}",
      institution   = "CERN",
      collaboration = "CMS",
      address       = "Geneva",
      number        = "CMS-PAS-SMP-16-004",
      year          = "2016",
      reportNumber  = "CMS-PAS-SMP-16-004",
      url           = "https://cds.cern.ch/record/2204922",
}


@article{Grazzini:2015nwa,
      author         = "Grazzini, Massimiliano and Kallweit, Stefan and Rathlev, Dirk",
      title          = "{{W$\gamma$} and {Z$\gamma$} production at the {LHC} in {NNLO} {QCD}}",
      journal        = "JHEP",
      volume         = "07",
      year           = "2015",
      pages          = "085",
      doi            = "10.1007/JHEP07(2015)085",
      eprint         = "1504.01330",
      archivePrefix  = "arXiv",
      primaryClass   = "hep-ph",
      reportNumber   = "ZU-TH-04-15, MITP-15-021",
      SLACcitation   = "%%CITATION = ARXIV:1504.01330;%%"
}
